@article{knuth84,
  author = {Knuth, Donald E.},
  title = {Literate Programming},
  year = {1984},
  issue_date = {May 1984},
  publisher = {Oxford University Press, Inc.},
  address = {USA},
  volume = {27},
  number = {2},
  issn = {0010-4620},
  url = {https://doi.org/10.1093/comjnl/27.2.97},
  doi = {10.1093/comjnl/27.2.97},
  journal = {Comput. J.},
  month = may,
  pages = {97â€“111},
  numpages = {15}
}

@misc{bown_simpsons_dataset,
  author       = {Jonathan Bown},
  title        = {Simpsons Episodes \& Ratings (1989-Present)},
  year         = {2023},
  url          = {https://www.kaggle.com/datasets/jonbown/simpsons-episodes-2016?resource=download},
  note         = {Dataset retrieved from IMDb, TMDB, Wikipedia. Licensed under CC0: Public Domain.}
}

@article{yao1986asymptotic,
  title={The asymptotic behavior of the likelihood ratio statistic for testing a shift in mean in a sequence of independent normal variates},
  author={Yao, Yi-Ching and Davis, Richard A},
  journal={Sankhy{\=a}: The Indian Journal of Statistics, Series A},
  pages={339--353},
  year={1986},
  publisher={JSTOR}
}

@article{baranowski2019narrowest,
  title={Narrowest-over-threshold detection of multiple change points and change-point-like features},
  author={Baranowski, Rafal and Chen, Yining and Fryzlewicz, Piotr},
  journal={Journal of the Royal Statistical Society Series B: Statistical Methodology},
  volume={81},
  number={3},
  pages={649--672},
  year={2019},
  publisher={Oxford University Press}
}

@article{Killick,
	author = {R. Killick and P. Fearnhead and I. A. Eckley},
	title = {Optimal detection of changepoints with a linear computational cost},
	journal = {Journal of the American Statistical Association},
	volume = {107},
	number = {500},
	pages = {1590-1598},
	year  = {2012},
	publisher = {Taylor and Francis},
	eprint = {https://doi.org/10.1080/01621459.2012.737745}
}


@article{Jackson,
author = {Jackson, Brad and Scargle, Jeffrey and Barnes, D. and Arabhi, S. and Alt, A. and Gioumousis, P. and Gwin, E. and Sangtrakulcharoen, P. and Tan, L. and Tsai, Tun},
year = {2005},
month = {03},
pages = {105 - 108},
title = {An algorithm for optimal partitioning of data on an interval},
volume = {12},
journal = {Signal Processing Letters, IEEE},
doi = {10.1109/LSP.2001.838216}
}

@article{Fryzlewicz:2014,
author = {Fryzlewicz, Piotr},
journal = {Annals of Statistics},
title = {{Wild binary segmentation for multiple change-point detection}},
year = {2014},
volume=42,
pages={2243--2281}
}

@article{zhang2007modified,
  title={A modified Bayes information criterion with applications to the analysis of comparative genomic hybridization data},
  author={Zhang, Nancy R and Siegmund, David O},
  journal={Biometrics},
  volume={63},
  number={1},
  pages={22--32},
  year={2007},
  publisher={Oxford University Press}
}

@article{haynes2017nonpar,
  title={A computationally efficient nonparametric approach for changepoint detection},
  author={Haynes, Kaylea and Fearnhead, Paul and Eckley, Idris A},
  journal={Statistics and computing},
  volume={27},
  pages={1293--1305},
  year={2017},
  publisher={Springer}
}

@article{haynes2017computationally,
  title={Computationally efficient changepoint detection for a range of penalties},
  author={Haynes, Kaylea and Eckley, Idris A and Fearnhead, Paul},
  journal={Journal of Computational and Graphical Statistics},
  volume={26},
  number={1},
  pages={134--143},
  year={2017},
  publisher={Taylor \& Francis}
}